@article{Cavazza,
  title={Al in computer games: Survey and perspectives},
  author={Cavazza, Marc},
  journal={Virtual Reality},
  volume={5},
  number={4},
  pages={223--235},
  year={2000},
  publisher={Springer}
}

@book{Nilsson:1980:PAI:30425,
  author={Nilsson, N. J.},
  title={Principles of Artificial Intelligence},
  year={1980},
  isbn={0-934613-10-9},
  publisher={Morgan Kaufmann Publishers Inc.},
  address={San Francisco, CA, USA},
  pages={72-88},
  language={English},
}

@inproceedings{likhachev2005anytime,
  title={Anytime Dynamic A*: An Anytime, Replanning Algorithm.},
  author={Likhachev, Maxim and Ferguson, David I and Gordon, Geoffrey J and Stentz, Anthony and Thrun, Sebastian},
  booktitle={ICAPS},
  pages={262--271},
  year={2005}
}

@article{fredman1987fibonacci,
  title={Fibonacci heaps and their uses in improved network optimization algorithms},
  author={Fredman, Michael L and Tarjan, Robert Endre},
  journal={Journal of the ACM (JACM)},
  volume={34},
  number={3},
  pages={596--615},
  year={1987},
  publisher={ACM}
}

@article{Koenig,
  title={Lifelong Planning A*},
  journal={Artificial Intelligence},
  volume={155},
  number={1-2},
  pages={93 - 146},
  year={2004},
  issn={0004-3702},
  doi={http://dx.doi.org/10.1016/j.artint.2003.12.001},
  url={http://www.sciencedirect.com/science/article/pii/S000437020300225X},
  author={Sven Koenig and Maxim Likhachev and David Furcy},
  keywords={A*},
  keywords={Continual planning},
  keywords={Heuristic search},
  keywords={Heuristic search-based planning},
  keywords={Incremental search},
  keywords={Lifelong planning},
  keywords={Plan reuse},
  keywords={Replanning},
  keywords={Symbolic STRIPS-style planning}
}

@article{koeniglikhachev,
  title={Fast replanning for navigation in unknown terrain},
  author={Koenig, Sven and Likhachev, Maxim},
  journal={Robotics, IEEE Transactions on},
  volume={21},
  number={3},
  pages={354--363},
  year={2005},
  publisher={IEEE}
}

@article{2phasebidirectional,
  title={A two-phase bidirectional heuristic search algorithm},
  author={Kersting, K and Toussaint, M},
  year={2012}
}

@article{bidirectional,
  title={BS*: An admissible bidirectional staged heuristic search algorithm},
  author={Kwa, James BH},
  journal={Artificial Intelligence},
  volume={38},
  number={1},
  pages={95--109},
  year={1989},
  publisher={Elsevier}
}

@inproceedings{kaindlkainzsteinerauerradda,
  title={Switching from bidirectional to unidirectional search},
  author={Kaindl, Hermann and Kainz, Gerhard and Steiner, Roland and Auer, Andreas and Radda, Klaus},
  booktitle={IJCAI},
  pages={1178--1183},
  year={1999}
}

@article{improvedbidirectional,
  author={Sint, Lenie and de Champeaux, Dennis},
  title={An Improved Bidirectional Heuristic Search Algorithm},
  journal={J. ACM},
  issue_date={April 1977},
  volume={24},
  number={2},
  month={apr},
  year={1977},
  issn={0004-5411},
  pages={177--191},
  numpages={15},
  url={http://doi.acm.org/10.1145/322003.322004},
  doi={10.1145/322003.322004},
  acmid={322004},
  publisher={ACM},
  address={New York, NY, USA},
}

@article{perimeter,
  title={Perimeter search},
  author={Dillenburg, John F and Nelson, Peter C},
  journal={Artificial Intelligence},
  volume={65},
  number={1},
  pages={165--178},
  year={1994},
  publisher={Elsevier}
}

@article{Manzini,
  title={BIDA*: an improved perimeter search algorithm},
  journal={Artificial Intelligence},
  volume={75},
  number={2},
  pages={347 - 360},
  year={1995},
  issn={0004-3702},
  doi={http://dx.doi.org/10.1016/0004-3702(95)00017-9},
  url={http://www.sciencedirect.com/science/article/pii/0004370295000179},
  author={Giovanni Manzini}
}

@inproceedings{PRM,
  title={Automatic construction of roadmaps for path planning in games},
  author={Nieuwenhuisen, Dennis and Kamphuis, Arno and Mooijekind, Marlies and Overmars, Mark H},
  booktitle={International Conference on Computer Games: Artificial Intelligence, Design and Education},
  pages={285--292},
  year={2004}
}